% +++ INTRODUZIONE +++
@online{capture,
  title = {Capture preview software},
  year = 2023,
  url = {https://www.capture.se/},
  addendum = "(accessed: 16-06-2023)",
}
@online{UnrealEngine,
  title = {Unreal Engine website},
  year = 2023,
  url = {https://www.unrealengine.com/},
  addendum = "(accessed: 16-06-2023)",
}
@online{CP,
  title = {Clay paky's website},
  year = 2023,
  url = {https://www.claypaky.it/},
  addendum = "(accessed: 16-06-2023)",
}
@online{GDTF,
  title = {GDTF specs},
  year = 2023,
  url = {https://github.com/mvrdevelopment/spec/blob/main/gdtf-spec.md},
  addendum = "(accessed: 16-06-2023)",
}
@online{DMX,
  title = {DMX specs},
  year = 2023,
  url = {https://tsp.esta.org/tsp/documents/docs/ANSI-ESTA_E1-11_2008R2018.pdf},
  addendum = "(accessed: 16-06-2023)",
}

% +++ RENDERING PIPELINE +++
@online{customExpressionMaterialFunction,
  title = {Referencing material functions from inside a custom expression},
  year = 2023,
  url = {https://forums.unrealengine.com/t/referencing-material-functions-from-inside-a-custom-expression/33042},
  addendum = "(accessed: 18-06-2023)",
}
@online{RayMarching,
  title = {RayMarching by nVidia},
  year = 2023,
  url = {https://graphicscodex.courses.nvidia.com/app.html?page=_rn_rayMrch},
  addendum = "(accessed: 19-06-2023)",
}
@online{hlslNoOptimize,
  title = {HLSL vs Material optimization},
  year = 2023,
  url = {https://docs.unrealengine.com/5.1/en-US/custom-material-expressions-in-unreal-engine/#warnings},
  addendum = "(accessed: 21-06-2023)",
}